@book{example_book,
  author = {Max Mustermann},
  title = {Beispielbuchtitel},
  year = {2025},
  publisher = {Beispielverlag}
}



@book{kuttruff2000raumakustik,
  title        = {Raumakustik},
  author       = {Kuttruff, Heinrich},
  year         = {2000},
  publisher    = {S. Hirzel Verlag}
}

@article{bass1995atmospheric,
  title        = {Atmospheric absorption of sound: Update},
  author       = {Bass, Henry E. and Sutherland, Louis C. and Zuckerwar, Allan J. and Blackstock, David T. and Hester, Dennis M.},
  journal      = {The Journal of the Acoustical Society of America},
  volume       = {97},
  number       = {1},
  pages        = {680--683},
  year         = {1995},
  publisher    = {Acoustical Society of America}
}

@book{salomons2001computational,
  title        = {Computational Atmospheric Acoustics},
  author       = {Salomons, Erik M.},
  year         = {2001},
  publisher    = {Springer}
}

@article{cook1960pulse,
  title     = {Pulse compressionâ€”key to more efficient radar transmission},
  author    = {Cook, Charles E. and Bernfeld, Martin},
  journal   = {Proceedings of the IRE},
  volume    = {48},
  number    = {3},
  pages     = {310--316},
  year      = {1960},
  publisher = {IEEE}
}

@inproceedings{winkler1995range,
  title     = {Range estimation using chirp signals},
  author    = {Winkler, Thomas},
  booktitle = {Proceedings of IEEE International Conference on Acoustics, Speech, and Signal Processing (ICASSP)},
  pages     = {365--368},
  year      = {1995},
  publisher = {IEEE}
}

@book{oppenheim1999discrete,
  title     = {Discrete-Time Signal Processing},
  author    = {Oppenheim, Alan V. and Schafer, Ronald W. and Buck, John R.},
  year      = {1999},
  edition   = {2nd},
  publisher = {Prentice Hall}
}

@book{lyons2011understanding,
  title     = {Understanding Digital Signal Processing},
  author    = {Lyons, Richard G.},
  year      = {2011},
  edition   = {3rd},
  publisher = {Prentice Hall}
}

@article{knapp1976generalized,
  title     = {The generalized correlation method for estimation of time delay},
  author    = {Knapp, Charles H. and Carter, G. Clifford},
  journal   = {IEEE Transactions on Acoustics, Speech, and Signal Processing},
  volume    = {24},
  number    = {4},
  pages     = {320--327},
  year      = {1976},
  publisher = {IEEE}
}

@manual{espressif2023esp32s3,
  title        = {ESP32-S3 Technical Reference Manual},
  author       = {Espressif Systems},
  year         = {2023},
  note         = {Version 1.7},
  url          = {https://www.espressif.com/sites/default/files/documentation/esp32-s3_technical_reference_manual_en.pdf}
}

@book{richardbarry2022freertos,
  title        = {Mastering the FreeRTOS Real Time Kernel},
  author       = {Barry, Richard},
  year         = {2022},
  publisher    = {Real Time Engineers Ltd.},
  edition      = {10th}
}
